<?xml version="1.0" encoding="UTF-8"?>
<record xmlns="http://www.loc.gov/MARC21/slim" xmlns:xsi="http://www.w3.org/2001/XMLSchema-instance" xsi:schemaLocation="http://www.loc.gov/MARC21/slim http://www.loc.gov/standards/marcxml/schema/MARC21slim.xsd">
<leader>00000cam a22      i 4500</leader>
<controlfield tag="001">001678163</controlfield>
<controlfield tag="003">NNU</controlfield>
<controlfield tag="005">20150729163837.0</controlfield>
<controlfield tag="008">940302s1937    le ac         000 0 arard</controlfield>
<datafield tag="035" ind1=" " ind2=" ">
<subfield code="a">(OCoLC)29896527</subfield>
<subfield code="z">(OCoLC)841365992</subfield>
</datafield>
<datafield tag="040" ind1=" " ind2=" ">
<subfield code="a">CUY</subfield>
<subfield code="b">eng</subfield>
<subfield code="c">CUY</subfield>
<subfield code="d">OCLCQ</subfield>
<subfield code="d">IUL</subfield>
<subfield code="d">OCLCQ</subfield>
<subfield code="d">OCLCF</subfield>
<subfield code="d">OCLCQ</subfield>
<subfield code="d">OCL</subfield>
<subfield code="d">NNU</subfield>
</datafield>
<datafield tag="043" ind1=" " ind2=" ">
<subfield code="a">a-iq---</subfield>
</datafield>
<datafield tag="050" ind1=" " ind2="4">
<subfield code="a">PJ7818.I8</subfield>
<subfield code="b">A25 1937</subfield>
</datafield>
<datafield tag="100" ind1="1" ind2=" ">
<subfield code="6">880-01</subfield>
<subfield code="a">Abū al-Naṣr, ʻUmar.</subfield>
</datafield>
<datafield tag="245" ind1="1" ind2="4">
<subfield code="6">880-02</subfield>
<subfield code="a">al-ʻIrāq al-jadīd /</subfield>
<subfield code="c">taʼlīf ʻUmar Abū al-Naṣr.</subfield>
</datafield>
<datafield tag="250" ind1=" " ind2=" ">
<subfield code="6">880-03</subfield>
<subfield code="a">al-Ṭabʻah 1.</subfield>
</datafield>
<datafield tag="260" ind1=" " ind2=" ">
<subfield code="6">880-04</subfield>
<subfield code="a">[Beirut] :</subfield>
<subfield code="b">Maṭbaʻat Dār al-Aḥad,</subfield>
<subfield code="c">1937.</subfield>
</datafield>
<datafield tag="300" ind1=" " ind2=" ">
<subfield code="a">251 pages :</subfield>
<subfield code="c">24 cm</subfield>
<subfield code="b">illustrations, portraits.</subfield>
</datafield>
<datafield tag="336" ind1=" " ind2=" ">
<subfield code="a">text</subfield>
<subfield code="b">txt</subfield>
<subfield code="2">rdacontent</subfield>
</datafield>
<datafield tag="337" ind1=" " ind2=" ">
<subfield code="a">unmediated</subfield>
<subfield code="b">n</subfield>
<subfield code="2">rdamedia</subfield>
</datafield>
<datafield tag="338" ind1=" " ind2=" ">
<subfield code="a">volume</subfield>
<subfield code="b">nc</subfield>
<subfield code="2">rdacarrier</subfield>
</datafield>
<datafield tag="490" ind1="1" ind2=" ">
<subfield code="6">880-05</subfield>
<subfield code="a">Silsilat Maṭbūʻāt [al-Ahlīyah]</subfield>
</datafield>
<datafield tag="500" ind1=" " ind2=" ">
<subfield code="a">Translation of title: The new Iraq.</subfield>
</datafield>
<datafield tag="651" ind1=" " ind2="0">
<subfield code="a">Iraq</subfield>
<subfield code="x">Politics and government.</subfield>
</datafield>
<datafield tag="651" ind1=" " ind2="0">
<subfield code="a">Iraq</subfield>
<subfield code="x">Social conditions.</subfield>
</datafield>
<datafield tag="651" ind1=" " ind2="0">
<subfield code="a">Iraq</subfield>
<subfield code="x">Economic conditions.</subfield>
</datafield>
<datafield tag="650" ind1=" " ind2="7">
<subfield code="a">Economic history.</subfield>
<subfield code="2">fast</subfield>
<subfield code="0">(OCoLC)fst00901974</subfield>
</datafield>
<datafield tag="650" ind1=" " ind2="7">
<subfield code="a">Politics and government.</subfield>
<subfield code="2">fast</subfield>
<subfield code="0">(OCoLC)fst01919741</subfield>
</datafield>
<datafield tag="650" ind1=" " ind2="7">
<subfield code="a">Social conditions.</subfield>
<subfield code="2">fast</subfield>
<subfield code="0">(OCoLC)fst01919811</subfield>
</datafield>
<datafield tag="651" ind1=" " ind2="7">
<subfield code="a">Iraq.</subfield>
<subfield code="2">fast</subfield>
<subfield code="0">(OCoLC)fst01205757</subfield>
</datafield>
<datafield tag="880" ind1="1" ind2=" ">
<subfield code="6">100-01/</subfield>
<subfield code="a">أبو النصر، عمر.</subfield>
</datafield>
<datafield tag="880" ind1="1" ind2="2">
<subfield code="6">245-02/</subfield>
<subfield code="a">العراق الجديد /</subfield>
<subfield code="c">تأليف عمر أبو النصر.</subfield>
</datafield>
<datafield tag="880" ind1=" " ind2=" ">
<subfield code="6">250-03/</subfield>
<subfield code="a">الطبعة 1.</subfield>
</datafield>
<datafield tag="880" ind1=" " ind2=" ">
<subfield code="6">260-04/</subfield>
<subfield code="a">[بيروت] :</subfield>
<subfield code="b">مطبعة دار الاحد،</subfield>
<subfield code="c">1937.</subfield>
</datafield>
<datafield tag="880" ind1="1" ind2=" ">
<subfield code="6">490-05/</subfield>
<subfield code="a">سلسلة مطبوعات [الاهلية]</subfield>
</datafield>
<datafield tag="830" ind1=" " ind2="0">
<subfield code="6">880-06</subfield>
<subfield code="a">Silsilat Maṭbūʻāt [al-Ahlīyah]</subfield>
</datafield>
<datafield tag="880" ind1=" " ind2="0">
<subfield code="6">830-06/</subfield>
<subfield code="a">سلسلة مطبوعات [الاهلية]</subfield>
</datafield>
<datafield tag="OWN" ind1=" " ind2=" ">
<subfield code="a">GENERAL</subfield>
</datafield>
<datafield tag="AVA" ind1=" " ind2=" ">
<subfield code="a">NYU50</subfield>
<subfield code="b">BOBST</subfield>
<subfield code="c">Main Collection</subfield>
<subfield code="d">DS79 .A65</subfield>
<subfield code="e">unavailable</subfield>
<subfield code="t">Unavailable</subfield>
<subfield code="f">1</subfield>
<subfield code="g">1</subfield>
<subfield code="h">N</subfield>
<subfield code="i">0</subfield>
<subfield code="j">MAIN</subfield>
<subfield code="k">0</subfield>
</datafield>
</record>
